@BOOK{Panther:2008,
	author    = "Panther, J. G.",
	title     = "Digital Communications",
	publisher = "Addison-Wesley",
	edition   = "3rd",
	year      = 2008,
	address   = "San Francisco, CA"
}
